@article{Hoeve01,
  author    = {Willem Jan van Hoeve},
  title     = {The alldifferent Constraint: {A} Survey},
  journal   = {CoRR},
  volume    = {cs.PL/0105015},
  year      = {2001},
  url       = {http://arxiv.org/abs/cs.PL/0105015},
  timestamp = {Mon, 05 Dec 2011 18:05:34 +0100},
  biburl    = {http://dblp.uni-trier.de/rec/bib/journals/corr/cs-PL-0105015},
  bibsource = {dblp computer science bibliography, http://dblp.org}
}

@book{thebible,
    author    = {Michael R. Garey and David S. Johnson},
    title     = {Computers and Intractability: A Guide to the Theory of NP-Completeness},
    year      = {1979},
    publisher = {Bell Telephone Laboratories, Incorporated},
    address   = {United States of America}
}